%% LaTeX2e file `biblio.bib'
%% generated by the `filecontents' environment
%% from source `CLaTeX' on 2012/11/11.
%%
@book{Hume:01,
   title     = "Introduction to Programming in Turing",
   author    = {Hume, J. N. P. },
   publisher = "Holt Software Associates Inc.",
   address   = "203 College Street, Suite 305 Toronto, Ontario M5T 1P9",
   year      =  2001,
   edition   = "First",
   ISBN      = "0-921598-42-4",
   note      = "\texttt{www.somewhere.com}"
}

@book{Holt:99,
   title     = "Object Oriented Turing Reference Manual",
   author    = {Holt, R. C. and West, Tom},
   publisher = "Holt Software Associates Inc.",
   address   = "203 College Street, Suite 305 Toronto, Ontario M5T 1P9",
   year      =  1999,
   edition   = "Seventh",
   ISBN      = "0-921598-35-1",
   note      = "\texttt{www.somewhere.com}"
}

@article{Holt:88,
 author = {Holt, Richard C. and Cordy, James R.},
 title = {The Turing programming language},
 journal = {Commun. ACM},
 issue_date = {Dec. 1988},
 volume = {31},
 number = {12},
 month = dec,
 year = {1988},
 issn = {0001-0782},
 pages = {1410--1423},
 numpages = {14},
 url = {http://doi.acm.org/10.1145/53580.53581},
 doi = {10.1145/53580.53581},
 acmid = {53581},
 publisher = {ACM},
 address = {New York, NY, USA},
} 

@article{Perelgut:88,
 author = {Perelgut, S. and Cordy, James R.},
 title = {{Turing Plus: a comparison with C and Pascal}},
 journal = {SIGPLAN Not.},
 issue_date = {Jan., 1988},
 volume = {23},
 number = {1},
 month = jan,
 year = {1988},
 issn = {0362-1340},
 pages = {137--143},
 numpages = {7},
 url = {http://doi.acm.org/10.1145/44304.44318},
 doi = {10.1145/44304.44318},
 acmid = {44318},
 publisher = {ACM},
 address = {New York, NY, USA},
}

@article{Hull:85,
 author = {Hull, T. E. and Abrham, A. and Cohen, M. S. and X.,Curley, A. F. and Hall, C. B. and Penny, D. A. and M.,Sawchuk, J. T.},
 title = {Numerical Turing},
 journal = {SIGNUM Newsl.},
 issue_date = {July 1985},
 volume = {20},
 number = {3},
 month = jul,
 year = {1985},
 issn = {0163-5778},
 pages = {26--34},
 numpages = {9},
 url = {http://doi.acm.org/10.1145/1057947.1057949},
 doi = {10.1145/1057947.1057949},
 acmid = {1057949},
 publisher = {ACM},
 address = {New York, NY, USA},
}

@misc{www:doc,
  author = {Holtsoft},
  title = {{Turing 4.4.1. Online Documentation}},
  howpublished = {\url{http://compsci.ca/holtsoft/doc/}},
  note = {zuletzt abgerufen am 10.01.2013},
  urldate = {10.01.2013}
}

@misc{www:opent,
  author = {OpenT},
  title = {{OpenT Projekt Homepage}},
  howpublished = {\url{http://code.google.com/p/opent/source/list}},
  note = {zuletzt abgerufen am 10.01.2013},
  urldate = {10.01.2013}
}

@misc{www:tur,
  author = {Holtsoft},
  title = {{Turing 4.4.1. Freigabe}},
  howpublished = {\url{http://compsci.ca/blog/download-turing-411/}},
  note = {zuletzt abgerufen am 10.01.2013},
  urldate = {10.01.2013}
}

@misc{www:ot,
  author = {{Open Turing}},
  title = {{The Open Turing Website}},
  howpublished = {\url{http://tristan.hume.ca/openturing/}},
  note = {zuletzt abgerufen am 10.01.2013},
  urldate = {10.01.2013}
}

